@online{website:steve_cornett,
  author = {Steve Cornett},
  title = {Minimum Acceptable Code Coverage},
  year = {2013},
  url = {http://www.bullseye.com/minimum.html},
  urldate = {2017-11-7}
}

@misc{lecture:02313_lec2,
    author    = {Ian Bridgwood},
    title     = {Udviklingsmetoder til IT-systemer, Lektion 2},
    howpublished = {DTU Inside},
    year     = {2017},
    month    = {9},
}